% This file was created with JabRef 2.9.2.
% Encoding: Cp1252

@INCOLLECTION{tolkien2000,
  author = {Tolkien, J. R. R.},
  title = {Letter 163},
  booktitle = {The Letters of J. R. R. Tolkien},
  publisher = {Mariner Books},
  year = {2000}
}

@ARTICLE{tolkien1968,
  author = {Tolkien, J. R. R.},
  title = {Forward to the {Second Edition}},
  journal = {The Lord of the Rings},
  year = {1968},
  chapter = {Foreword to the {Second Edition}},
  publisher = {Harper Collins}
}

@ARTICLE{tolkien1964,
  author = {Tolkien, J. R. R.},
  title = {From a letter to {W. R. Matthews}},
  journal = {Parma Eldalamberon},
  year = {1964},
  volume = {17},
  pages = {135}
}

@ARTICLE{tolkien1964b,
  author = {Tolkien, J. R. R.},
  title = {Letter to a reader},
  journal = {Parma Eldalamberon},
  year = {1964},
  volume = {17},
  pages = {61}
}

